<?xml version="1.0" encoding="UTF-8"?>
<collection xmlns="http://www.loc.gov/MARC21/slim">
    <record>
        <leader>02912aam a22006737a 4500</leader>
        <controlfield tag="001">11360497</controlfield>
        <controlfield tag="003">SE-LIBR</controlfield>
        <controlfield tag="005">20120314142206.0</controlfield>
        <controlfield tag="008">090330s2009    enk           000 f eng c</controlfield>
        <datafield tag="035" ind1=" " ind2=" ">
            <subfield code="a">(OCoLC)ocn260208934</subfield>
        </datafield>
        <datafield tag="020" ind1=" " ind2=" ">
            <subfield code="a">9781847245564 (hbk.)</subfield>
        </datafield>
        <datafield tag="020" ind1=" " ind2=" ">
            <subfield code="a">1847245560 (hbk.)</subfield>
        </datafield>
        <datafield tag="041" ind1="1" ind2=" ">
            <subfield code="a">eng</subfield>
            <subfield code="h">swe</subfield>
        </datafield>
        <datafield tag="100" ind1="1" ind2=" ">
            <subfield code="a">Larsson, Stieg,</subfield>
            <subfield code="d">1954-2004.</subfield>
            <subfield code="0">194202</subfield>
            <subfield code="4">aut</subfield>
            <subfield code="1">http://viaf.org/viaf/54441441</subfield>
        </datafield>
        <datafield tag="240" ind1="1" ind2="0">
            <subfield code="a">Flickan som lekte med elden.</subfield>
            <subfield code="l">Engelska</subfield>
            <subfield code="1">http://viaf.org/viaf/1965149068358065730000</subfield>
        </datafield>
        <datafield tag="245" ind1="1" ind2="4">
            <subfield code="a">The girl who played with fire /</subfield>
            <subfield code="c">Stieg Larsson ; translated from the Swedish by Reg Keeland.</subfield>
        </datafield>
        <datafield tag="260" ind1=" " ind2=" ">
            <subfield code="a">London :</subfield>
            <subfield code="b">MacLehose,</subfield>
            <subfield code="c">2009.</subfield>
        </datafield>
        <datafield tag="300" ind1=" " ind2=" ">
            <subfield code="a">569 s.</subfield>
        </datafield>
        <datafield tag="700" ind1="1" ind2=" ">
            <subfield code="a">Keeland, Reg,</subfield>
            <subfield code="d">1943-</subfield>
            <subfield code="4">trl</subfield>
            <subfield code="1">http://viaf.org/viaf/1945746</subfield>
        </datafield>
    </record>