
    <record>
        <leader>02213cam a22004457a 4500</leader>
        <controlfield tag="001">13519003</controlfield>
        <controlfield tag="003">SE-LIBR</controlfield>
        <controlfield tag="005">20120904110711.0</controlfield>
        <controlfield tag="008">120904s2012 ag 000 f spa c</controlfield>
        <datafield tag="020" ind1=" " ind2=" ">
            <subfield code="a">9789875804876</subfield>
        </datafield>
        <datafield tag="041" ind1="1" ind2=" ">
            <subfield code="a">spa</subfield>
            <subfield code="h">swe</subfield>
        </datafield>
        <datafield tag="100" ind1="1" ind2=" ">
            <subfield code="a">Larsson, Stieg,</subfield>
            <subfield code="d">1954-2004.</subfield>
            <subfield code="0">194202</subfield>
            <subfield code="4">aut</subfield>
            <subfield code="1">http://viaf.org/viaf/54441441</subfield>
        </datafield>
        <datafield tag="240" ind1="1" ind2="0">
            <subfield code="a">Flickan som lekte med elden.</subfield>
            <subfield code="l">Spanska</subfield>
            <subfield code="1">http://viaf.org/viaf/1965149068358065730000</subfield>
        </datafield>
        <datafield tag="245" ind1="1" ind2="3">
            <subfield code="a">
                La chica que soñaba con un cerillo y un galón de gasolina /
            </subfield>
            <subfield code="c">
                Stieg Larsson ; traducción de Martin Lexell y Juan José Ortega Román.
            </subfield>
        </datafield>
        <datafield tag="260" ind1=" " ind2=" ">
            <subfield code="a">Buenos Aires :</subfield>
            <subfield code="b">Booket,</subfield>
            <subfield code="c">2012</subfield>
        </datafield>
        <datafield tag="300" ind1=" " ind2=" ">
            <subfield code="a">772 p.</subfield>
        </datafield>
        <datafield tag="490" ind1="1" ind2=" ">
            <subfield code="a">Millennium ;</subfield>
            <subfield code="v">2</subfield>
        </datafield>
        <datafield tag="700" ind1="1" ind2=" ">
            <subfield code="a">Lexell, Martin,</subfield>
            <subfield code="d">1961-</subfield>
            <subfield code="4">trl</subfield>
        </datafield>
        <datafield tag="700" ind1="1" ind2=" ">
            <subfield code="a">Ortega Román, Juan José</subfield>
            <subfield code="4">trl</subfield>
        </datafield>
        <datafield tag="700" ind1="1" ind2=" ">
            <subfield code="a">Larsson, Stieg,</subfield>
            <subfield code="d">1954-2004</subfield>
            <subfield code="i">http://rdaregistry.info/Elements/w/precededByWork.en</subfield>
            <subfield code="t">Män som hatar kvinnor</subfield>
            <subfield code="1">http://viaf.org/viaf/4188148523903220970001</subfield>
        </datafield>
        <datafield tag="800" ind1="1" ind2=" ">
            <subfield code="a">Larsson, Stieg,</subfield>
            <subfield code="d">1954-2004.</subfield>
            <subfield code="t">Millennium.</subfield>
            <subfield code="l">Spanska ;</subfield>
            <subfield code="v">2.</subfield>
            <subfield code="1">http://viaf.org/viaf/182958364</subfield>
        </datafield>
    </record>