
    <record>
        <leader>03061nam a22005653a 4500</leader>
        <controlfield tag="001">11852913</controlfield>
        <controlfield tag="003">SE-LIBR</controlfield>
        <controlfield tag="005">20100518165752.0</controlfield>
        <controlfield tag="008">100518s2009    sw |||||||||||000 ||swe|c</controlfield>
        <datafield tag="028" ind1="4" ind2="0">
            <subfield code="a">1526911</subfield>
        </datafield>
        <datafield tag="041" ind1="0" ind2=" ">
            <subfield code="a">swe</subfield>
        </datafield>
        <datafield tag="245" ind1="1" ind2="0">
            <subfield code="a">Flickan som lekte med elden</subfield>
            <subfield code="h">[Hyrvideo (DVD)] /</subfield>
            <subfield code="c">regi: Daniel Alfredson.</subfield>
        </datafield>
        <datafield tag="264" ind1=" " ind2="1">
            <subfield code="a">Danderyd :</subfield>
            <subfield code="b">Nordisk Film,</subfield>
            <subfield code="c">2009</subfield>
        </datafield>
        <datafield tag="300" ind1=" " ind2=" ">
            <subfield code="a">1 DVD-Video (2 tim., 4 min.)</subfield>
            <subfield code="b">ljud, färg</subfield>
        </datafield>
        <datafield tag="500" ind1=" " ind2=" ">
            <subfield code="a">Originalfilmen: Yellow Bird Millenium Productions ..., cop. 2009</subfield>
        </datafield>
        <datafield tag="511" ind1="1" ind2=" ">
            <subfield code="a">Skådespelare: Michael Nyqvist, Noomi Rapace, Lena Endre, Paolo Roberto, Sofia Ledarp, Per Oscarsson, Georgi Staykov Alexandra Eisenstein, Yasmine Garbi, Tanja Lorentzon, Magnus Krepper, Ralph Carlsson, Daniel Gustavsson ...</subfield>
        </datafield>
        <datafield tag="520" ind1=" " ind2=" ">
            <subfield code="a">Bygger på romanen: Flickan som lekte med elden / Stieg Larsson</subfield>
        </datafield>
        <datafield tag="538" ind1=" " ind2=" ">
            <subfield code="a">Region 2; bildformat: 16:9; ljudformat: Dolby digital 5.1, DTS</subfield>
        </datafield>
        <datafield tag="546" ind1=" " ind2=" ">
            <subfield code="a">Tal på svenska. Textad på svenska, finska, norska</subfield>
        </datafield>
        <datafield tag="700" ind1="1" ind2=" ">
            <subfield code="a">Alfredson, Daniel</subfield>
            <subfield code="4">drt</subfield>
        </datafield>
        <datafield tag="700" ind1="1" ind2=" ">
            <subfield code="a">Larsson, Stieg,</subfield>
            <subfield code="d">1954-2004</subfield>
            <subfield code="i">http://rdaregistry.info/Elements/w/adaptationOfWork.en</subfield>
            <subfield code="t">Flickan som lekte med elden.</subfield>
            <subfield code="l">Spanska</subfield>
            <subfield code="1">http://viaf.org/viaf/1965149068358065730000</subfield>
        </datafield>
    </record>