
    <record>
        <leader>02803cam a2200529 aa4500</leader>
        <controlfield tag="001">12033495</controlfield>
        <controlfield tag="003">SE-LIBR</controlfield>
        <controlfield tag="005">20130305153919.0</controlfield>
        <controlfield tag="008">101111s2010 gw |||||||||||000 f|ger|c</controlfield>
        <datafield tag="020" ind1=" " ind2=" ">
            <subfield code="a">9783453267008</subfield>
            <subfield code="q">GB [in Kassette].</subfield>
        </datafield>
        <datafield tag="041" ind1="1" ind2=" ">
            <subfield code="a">ger</subfield>
            <subfield code="h">swe</subfield>
        </datafield>
        <datafield tag="042" ind1=" " ind2=" ">
            <subfield code="9">SUEC</subfield>
        </datafield>
        <datafield tag="100" ind1="1" ind2=" ">
            <subfield code="a">Larsson, Stieg,</subfield>
            <subfield code="d">1954-2004</subfield>
            <subfield code="0">https://libris.kb.se/vs689k5d108n3lx#it</subfield>
            <subfield code="1">http://viaf.org/viaf/54441441</subfield>
            <subfield code="4">aut</subfield>
        </datafield>
        <datafield tag="240" ind1="1" ind2="0">
            <subfield code="a">Män som hatar kvinnor</subfield>
            <subfield code="l">Tyska</subfield>
            <subfield code="1">http://viaf.org/viaf/4188148523903220970001</subfield>
        </datafield>
        <datafield tag="245" ind1="1" ind2="4">
            <subfield code="a">Die Millennium-Trilogie :</subfield>
            <subfield code="b">
                Verblendung - Verdammnis - Vergebung / Stieg Larsson ; aus dem Schwedischen von Wibke Kuhn
            </subfield>
        </datafield>
        <datafield tag="250" ind1=" " ind2=" ">
            <subfield code="a">[Limitierte Sonderausg. in Kassette]</subfield>
        </datafield>
        <datafield tag="264" ind1=" " ind2="1">
            <subfield code="a">Munchen :</subfield>
            <subfield code="b">Heyne,</subfield>
            <subfield code="c">2010</subfield>
        </datafield>
        <datafield tag="300" ind1=" " ind2=" ">
            <subfield code="a">687 s. ; 751 s. ; 847 s. ; c 215 mm x 135 mm.</subfield>
        </datafield>
        <datafield tag="700" ind1="1" ind2="2">
            <subfield code="a">Larsson, Stieg,</subfield>
            <subfield code="d">1954-2004.</subfield>
            <subfield code="t">Flickan som lekte med elden.</subfield>
            <subfield code="l">Tyska</subfield>
            <subfield code="1">http://viaf.org/viaf/1965149068358065730000</subfield>
        </datafield>
        <datafield tag="700" ind1="1" ind2="2">
            <subfield code="a">Larsson, Stieg,</subfield>
            <subfield code="d">1954-2004.</subfield>
            <subfield code="t">Luftslottet som sprängdes.</subfield>
            <subfield code="l">Tyska</subfield>
            <subfield code="1">http://viaf.org/viaf/175978173</subfield>
        </datafield>
        <datafield tag="700" ind1="1" ind2=" ">
            <subfield code="a">Kuhn, Wibke</subfield>
            <subfield code="4">trl</subfield>
            <subfield code="1">http://viaf.org/viaf/51520608</subfield>
        </datafield>
        <datafield tag="800" ind1="1" ind2=" ">
            <subfield code="a">Larsson, Stieg,</subfield>
            <subfield code="d">1954-2004</subfield>
            <subfield code="t">Millennium</subfield>
            <subfield code="1">http://viaf.org/viaf/182958364</subfield>
        </datafield>
    </record>