
    <record>
        <leader>36194cam a2205065 ar4500</leader>
        <controlfield tag="001">11675457</controlfield>
        <controlfield tag="003">SE-LIBR</controlfield>
        <controlfield tag="005">20181015151911.0</controlfield>
        <controlfield tag="007">cr ||| |||||</controlfield>
        <controlfield tag="008">091107s2009 sw |||||s|||||000 f|swe|d</controlfield>
        <datafield tag="020" ind1=" " ind2=" ">
            <subfield code="a">9789113029047</subfield>
        </datafield>
        <datafield tag="041" ind1=" " ind2=" ">
            <subfield code="a">swe</subfield>
        </datafield>
        <datafield tag="100" ind1="1" ind2=" ">
            <subfield code="a">Larsson, Stieg,</subfield>
            <subfield code="d">1954-2004</subfield>
            <subfield code="1">http://viaf.org/viaf/175978173</subfield>
        </datafield>
        <datafield tag="240" ind1=" " ind2=" ">
            <subfield code="a">Luftslottet som sprängdes.</subfield>
            <subfield code="1">http://viaf.org/viaf/175978173</subfield>
        </datafield>
        <datafield tag="245" ind1="1" ind2="0">
            <subfield code="a">Luftslottet som sprängdes</subfield>
            <subfield code="h">[Elektronisk resurs] /</subfield>
            <subfield code="c">Stieg Larsson.</subfield>
        </datafield>
        <datafield tag="264" ind1=" " ind2="1">
            <subfield code="a">Stockholm :</subfield>
            <subfield code="b">Norstedt :</subfield>
            <subfield code="b">eLib [distributör],</subfield>
            <subfield code="c">2009</subfield>
        </datafield>
        <datafield tag="300" ind1=" " ind2=" ">
            <subfield code="a">703 s.</subfield>
        </datafield>
        <datafield tag="347" ind1=" " ind2=" ">
            <subfield code="a">Text</subfield>
        </datafield>
        <datafield tag="700" ind1="1" ind2=" ">
            <subfield code="a">Larsson, Stieg,</subfield>
            <subfield code="d">1954-2004.</subfield>
            <subfield code="t">Flickan som lekte med elden.</subfield>
            <subfield code="i">http://rdaregistry.info/Elements/w/precededByWork.en</subfield>
            <subfield code="1">http://viaf.org/viaf/1965149068358065730000</subfield>
        </datafield>
        <datafield tag="800" ind1="1" ind2=" ">
            <subfield code="a">Larsson, Stieg,</subfield>
            <subfield code="d">1954-2004</subfield>
            <subfield code="t">Millennium</subfield>
            <subfield code="1">http://viaf.org/viaf/182958364</subfield>
        </datafield>
    </record>
</collection>